@ARTICLE{zhu13,
  author = {T[] Zhu and J[] M[] Carcione and J[] M[] Harris},
  title = {Approximating constant-{Q} seismic propagation in the time domain},
  journal = {Geophysical Prospecting},
  year = {2013},
  volume = {61},
  pages = {931-940},
  doi = {10.1111/1365-2478.12044}
}

@ARTICLE{zhu14a,
  author = {T[] Zhu and J[] M[] Harris},
  title = {Modeling acoustic wave propagation in heterogeneous attenuating media using decoupled fractional {L}aplacians},
  journal = {Geophysics},
  year = {2014},
  volume = {79},
  number = {3},
  pages = {T105-T116},
  doi = {10.1190/GEO2013-0245.1}
}

@article{zhu14b,
author = {Zhu, Tieyuan}, 
title = {Time-reverse modelling of acoustic wave propagation in attenuating media},
volume = {197}, 
number = {1}, 
pages = {483-494}, 
year = {2014}, 
doi = {10.1093/gji/ggt519}, 
URL = {http://gji.oxfordjournals.org/content/197/1/483.abstract}, 
eprint = {http://gji.oxfordjournals.org/content/197/1/483.full.pdf+html}, 
journal = {Geophysical Journal International} 
}

@article{zhu14c,
author = {Zhu, Tieyuan and Carcione, José M.}, 
title = {Theory and modelling of constant-Q P- and S-waves using fractional spatial derivatives},
volume = {196}, 
number = {3}, 
pages = {1787-1795}, 
year = {2014}, 
doi = {10.1093/gji/ggt483}, 
URL = {http://gji.oxfordjournals.org/content/196/3/1787.abstract}, 
eprint = {http://gji.oxfordjournals.org/content/196/3/1787.full.pdf+html}, 
journal = {Geophysical Journal International} 
}

@ARTICLE{zhu14d,
  author = {T[] Zhu and J[] M[] Harris and B[] Biondi},
  title = {Q-compensated reverse-time migration},
  journal = {Geophysics},
  year = {2014},
  volume = {79},
  number = {3},
  pages = {S77-S87},
  doi = {10.1190/geo2013-0344.1}
}

@article{claerbout1971,
author = {Jon F. Claerbout},
title = {TOWARD A UNIFIED THEORY OF REFLECTOR MAPPING},
journal = {GEOPHYSICS},
volume = {36},
number = {3},
pages = {467-481},
year = {1971},
doi = {10.1190/1.1440185}
}

@article{deng2008,
	author = {Feng Deng and G[] McMechan},
	Journal = {Geophysics},
	Volume = {73},
	year = {2008},
	number = {4},
	pages = {S143-S155},
	title = {Viscoelastic true-amplitude prestack reverse-time depth migration},
}

@article{deng2007,
	Author = {F[] Deng and G[] McMechan},
	Journal = {Geophysics},
	Volume = {72},
	Year = {2007},
	Number = {3},
	Pages = {S155-S166},
	Title = {True-amplitude prestack depth migration},
}

@article{fink06,
author = {M[] Fink}, 
title = {Time-reversal acoustics in complex environments},
volume = {71}, 
number = {4}, 
pages = {SI151-SI164}, 
year = {2006}, 
doi = {10.1190/1.2215356}, 
URL = {http://geophysics.geoscienceworld.org/content/71/4/SI151.abstract}, 
eprint = {http://geophysics.geoscienceworld.org/content/71/4/SI151.full.pdf+html}, 
journal = {Geophysics} 
}

@article{baku06,
author = {A[] Bakulin and R[] Calvert}, 
title = {The virtual source method: Theory and case study},
volume = {71}, 
number = {4}, 
pages = {SI139-SI150}, 
year = {2006}, 
doi = {10.1190/1.2216190}, 
URL = {http://geophysics.geoscienceworld.org/content/71/4/SI139.abstract}, 
eprint = {http://geophysics.geoscienceworld.org/content/71/4/SI139.full.pdf+html}, 
journal = {Geophysics} 
}

@article{detode03a,
   author = {A[] Derode and E[] Larose and M[] Tanter and J[] de Rosny and A[] Tourin and M[] Campillo and M[] Fink},
   title = {Recovering the Green’s function from field-field correlations in an open scattering medium (L)},
   journal = {The Journal of the Acoustical Society of America},
   year = {2003},
   volume = {113},
   number = {6}, 
   pages = {2973-2976},
}
@article{derode03b,
   author = {A[] Derode and E[] Larose and M[] Campillo and M[] Fink},
   title = {How to estimate the Green’s function of a heterogeneous medium between two passive sensors? Application to acoustic waves},
   journal = {Applied Physics Letters},
   year = {2003},
   volume = {83},
   number = {15}, 
   pages = {3054-3056},
}

@article {kaw08,
author = {H[] Kawakatsu and J[] P[] Montagner},
title = {Time-reversal seismic-source imaging and moment-tensor inversion},
journal = {Geophysical Journal International},
volume = {175},
number = {2},
publisher = {Blackwell Publishing Ltd},
issn = {1365-246X},
url = {http://dx.doi.org/10.1111/j.1365-246X.2008.03926.x},
doi = {10.1111/j.1365-246X.2008.03926.x},
pages = {686--688},
keywords = {Theoretical seismology},
year = {2008},
}

@inproceedings{SunJ13,
  AUTHOR = {J[unzhe] Sun and S[ergey] Fomel},
  TITLE = {Lowrank one-step wave extrapolation},
  booktitle =    {83th Ann. Internat. Mtg.},
  year = 	 {2013},
  publisher =    {Soc. Expl. Geophys.},
  pages = {3905-3910},
  doi = {http://dx.doi.org/10.1190/segam2013-1123.1}
}

@inproceedings{SunJ14a,
  AUTHOR = {J[unzhe] Sun and S[ergey] Fomel and J[ingwei] Hu},
  TITLE = {One-step least-squares reverse-time migration using two-way wave extrapolation by non-stationary phase shift},
  booktitle =    {84th Ann. Internat. Mtg.},
  year = 	 {2014},
  publisher =    {Soc. Expl. Geophys.},
  pages = {submitted}
}

@inproceedings{eisner11,
author = {L[] Eisner and M[] Thornton and J[] Griffin},
title = {Challenges for microseismic monitoring},
booktitle = {SEG Technical Program Expanded Abstracts},
chapter = {297},
year = 	 {2011},
publisher =    {Soc. Expl. Geophys.},
pages = {1519-1523},
doi = {10.1190/1.3627491},
URL = {http://library.seg.org/doi/abs/10.1190/1.3627491},
eprint = {http://library.seg.org/doi/pdf/10.1190/1.3627491}
}

@inproceedings{gosselet07,
author = {A[] Gosselet and S[] C[] Singh},
title = {Using symmetry breaking in time‐reversal mirror for attenuation determination},
booktitle = {SEG Technical Program Expanded Abstracts},
chapter = {332},
year = 	 {2007},
pages = {1639-1643},
publisher =    {Soc. Expl. Geophys.},
doi = {10.1190/1.2792809},
URL = {http://library.seg.org/doi/abs/10.1190/1.2792809},
eprint = {http://library.seg.org/doi/pdf/10.1190/1.2792809}
}

@ARTICLE{carc03,
  author = {J[] M[] Carcione and K[] Helbig and H[] B[] Helle},
  title = {Effects of pressure and saturating ﬂuid on wave velocity and attenuation of anisotropic rocks},
  journal = {Int. J. Rock Mech. Min. Sci.},
  year = {2003},
  volume = {40},
  pages = {389-403}
}

@ARTICLE{dvorkin06,
  author = {J[] P[] Dvorkin and G[] Mavko},
  title = {Modeling attenuation in reservoir and nonreservior rock},
  journal = {The Leading Edge},
  year = {2006},
  volume = {25},
  pages = {194-197}
}

@BOOK{aki,
  title = {Quantitative seismology},
  publisher = {W.H. Freeman \& Co},
  year = {1980},
  author = {K[] Aki and P[] G[] Richards}
}

@ARTICLE{liao96,
  author = {Q[] Liao and A[] McMechan},
  title = {Multifrequency viscoacoustic modeling and inversion},
  journal = {Geophysics},
  year = {1996},
  volume = {61},
  publisher = {SEG},
  pages = {1371-1378},
  doi = {10.1190/1.1444060}
}

@ARTICLE{lin09,
  author = {R[] Lin and F[] and V[] Anh and I[] Turner},
  title = {Stability and convergence of a new explicit finite-difference approximation for the variable-order nonlinear fractional diffusion equation},
  journal = {Applied Mathematics and Computation},
  year = {2009},
  volume = {212},
  pages = {435-445},
  doi = {10.1016/j.amc.2009.02.047}
}

@ARTICLE{stekl98,
  author = {I[] Stekl and R[] G[] Pratt},
  title = {Accurate viscoelastic modeling by frequency domain ﬁnite-difference using rotated operators},
  journal = {Geophysics},
  year = {1998},
  volume = {63},
  publisher = {SEG},
  pages = {1779-1794},
  doi = {10.1190/1.1444472}
}

@ARTICLE{liu76,
  author = {H[] P[] Liu and D[] L[] Anderson and H[] Kanamori},
  title = {Velocity dispersion due to anelasticity: {I}mplication for seismology and mantle composition},
  journal = {Geophysical Journal of the Royal Astronomical Society},
  year = {1976},
  volume = {47},
  pages = {41-58},
  doi = {10.1111/j.1365-246X.1976.tb01261.x}
}

@ARTICLE{emm87,
  author = {H[] Emmerich and M[] Korn},
  title = {Incorporation of attenuation into time domain computations of seismic wave fields},
  journal = {Geophysics},
  year = {1987},
  volume = {52},
  publisher = {SEG},
  pages = {1252-1264},
  doi = {10.1190/1.1442386}
}

@BOOK{carc07,
  title = {Wave fields in real media: {T}heory and numerical simulation of wave propagation in anisotropic, anelastic, porous and electromagnetic media, 2nd ed.},
  publisher = {Elsevier},
  year = {2007},
  author = {J[] M[] Carcione}
}


@ARTICLE{treeby10,
  author = {B[] E[] Treeby and B[] T[] Cox},
  title = {Modeling power law absorption and dispersion for acoustic propagation using the fractional {L}aplacian},
  journal = {J. acoust. Soc. Am.},
  year = {2010},
  volume = {127},
  pages = {2741-2748},
  doi = {10.1121/1.3377056}
}

@ARTICLE{kja79,
  author = {E[] Kjartansson},
  title = {Constant-{Q} wave propagation and attenuation},
  journal = {Journal of Geophysical Research},
  year = {1979},
  volume = {84},
  pages = {4737-4748},
  doi = {10.1029/JB084iB09p04737}
}

@ARTICLE{caputo71,
  author = {M[] Caputo and F[] Mainardi},
  title = {A new dissipation model based on memory mechanism},
  journal = {Pure and Applied Geophysics},
  year = {1971},
  volume = {91},
  pages = {134-147},
  doi = {10.1007/BF00879562}
}

@article {carcione1988,
author = {Carcione, José M. and Kosloff, Dan and Kosloff, Ronnie},
title = {Wave propagation simulation in a linear viscoelastic medium},
journal = {Geophysical Journal},
volume = {95},
number = {3},
publisher = {Blackwell Publishing Ltd},
issn = {1365-246X},
url = {http://dx.doi.org/10.1111/j.1365-246X.1988.tb06706.x},
doi = {10.1111/j.1365-246X.1988.tb06706.x},
pages = {597--611},
keywords = {viscoelasticity, attenuation, dispersion, wave propagation simulation},
year = {1988},
}

@article {carcione1998,
author = {Carcione, José M.},
title = {Viscoelastic effective rheologies for modelling wave propagation in porous media},
journal = {Geophysical Prospecting},
volume = {46},
number = {3},
publisher = {Blackwell Publishing Ltd},
issn = {1365-2478},
url = {http://dx.doi.org/10.1046/j.1365-2478.1998.00087.x},
doi = {10.1046/j.1365-2478.1998.00087.x},
pages = {249--270},
year = {1998},
}
@ARTICLE{carcione2002,
  author = {J[] M[] Carcione and F[] Cavallini and F[] Mainardi and A[] Hanyga},
  title = {Time-domain seismic modeling of constant-{Q} wave propagation using fractional derivatives},
  journal = {Pure and Applied Geophysics},
  year = {2002},
  volume = {159},
  pages = {1719-1736}
}

@ARTICLE{carcione2009,
  author = {J[] M[] Carcione},
  title = {Theory and modeling of constant-{Q} {P}- and {S}-waves using fractional time derivatives},
  journal = {Geophysics},
  year = {2009},
  volume = {74},
  number = {1},
  publisher = {SEG},
  pages = {T1-11}
}

@ARTICLE{carcione2010,
  author = {J[] M[] Carcione},
  title = {A generalization of the {F}ourier pseudospectral method},
  journal = {Geophysics},
  year = {2010},
  volume = {75},
  number = {6},
  pages = {A53-A56},
  doi = {10.1190/1.3509472}
}

@BOOK{pod99,
  title = {{Fractional Differential Equations}},
  publisher = {Academic Press},
  year = {1999},
  author = {I[] Podlubny}
}

@ARTICLE{chenholm2004,
  author = {W[] Chen and S[] Holm},
  title = {Fractional Laplacian time-space models for linear and nonlinear lossy media exhibiting arbitrary frequency powerlaw dependency},
  journal = {J. acoust. Soc. Am.},
  year = 2004,
  volume = 115,
  pages = {1424–1430},
}

@inproceedings{kan1983,
  AUTHOR = {T[] K[] Kan and M[] L[] Batzle and J[] E[] Gaiser},
  TITLE = {Attenuation measured from {VSP}: {E}vidence of frequency-dependent {Q}},
  booktitle =    {53rd Ann. Internat. Mtg.},
  year = 	 {1983},
  publisher =    {Soc. Expl. Geophys.},
  pages = {589-590}
}

@ARTICLE{sams1997,
  author = {M[] S[] Sams and J[] P[] Neep and M[] H[] Worthington and M[] S[] King},
  title = {The measurement of velocity dispersion and frequency-dependent intrinsic attenuation in sedimentary rocks},
  journal = {Geophysics},
  year = {1997},
  volume = {62},
  pages = {1456-1464},
  doi = {10.1190/1.1444249}
}

@ARTICLE{batzle2006,
  author = {M[] L[] Batzle and D[] H[] Han and R[] Hofmann},
  title = {Fluid mobility and frequency-dependent seismic velocity-direct measurements},
  journal = {Geophysics},
  year = {2006},
  volume = {71},
  number = {1},
  pages = {N1-N9},
  doi = {10.1190/1.2159053}
}

@ARTICLE{zhang2009,
  author = {Y[] Zhang and G[] Zhang},
  title = {One-step extrapolation method for reverse time migration},
  journal = {Geophysics},
  year = {2009},
  volume = {74},
  number = {4},
  publisher = {SEG},
  pages = {A29-A33}
}


@ARTICLE{song2013,
  author = {X[] Song and S[] Fomel and L[] Ying},
  title = {Lowrank finite-differences and lowrank {F}ourier finite-differences for seismic wave extrapolation},
  journal = {Geophysical Journal International},
  year = {2013},
  doi = {10.1093/gji/ggt017}
}

@Article{cerjan1985,
  author = 	 {C[] Cerjan and D[] Kosloff and R[] Kosloff and M[] Reshef},
  title = 	 {A Nonreflecting boundary condition for discrete acoustic and elastic wave equations},
  journal = {Geophysics},
  year = 	 1985,
  volume =	 50,
  pages =	 {705-708}
}

@incollection{etgen2009,
	author=	{J[] Etgen and S[] Brandsberg-Dahl},
	year=	2009,
	title=	{The pseudo-analytical method: application of {pseudo-Laplacians} to acoustic and acoustic anisotropic wave propagation},
	publisher=	{Soc. of Expl. Geophys.},
	booktitle=	{79th Ann. Internat. Mtg},
        pages = {2552-2556}
	}

@incollection{chu2008,
	author=	{C[] Chu and P[] Stoffa},
	year=	2008,
	title=	{A pseudospectral-finite difference hybrid approach for large-scale seismic modeling and {RTM} on parallel computers},
	publisher=	{Soc. of Expl. Geophys.},
	booktitle=	{78th Ann. Internat. Mtg},
        pages = {2087-2091}
	}

@incollection{wards,
	author=	{B[en] D[] Wards and G[ary] F[] Margrave and M[ichael] P[] Lamoureux},
	year=	2008,
	title=	{Phase-shift time-stepping for reverse-time migration},
	publisher=	{Soc. of Expl. Geophys.},
	booktitle=	{78th Ann. Internat. Mtg},
        pages = {2262-2266}
	}

@inproceedings{zhang2007,
  author =	 {Y[] Zhang and G[] Zhang and D[] Yingst and J[] Sun},
  title = 	 {Explicit marching method for reverse-time migration},
  booktitle =    {77th Ann. Internat. Mtg.},
  year = 	 {2007},
  publisher =    {Soc. Expl. Geophys.},
  pages =        {2300-2303}
}

@inproceedings{whitmore1983,
  AUTHOR = {N[] D[] Whitmore},
  TITLE = {Iterative depth migration by backward time propagation},
  booktitle =    {53rd Ann. Internat. Mtg.},
  year = 	 {1983},
  publisher =    {Soc. Expl. Geophys.},
  pages =        {382-385}
}


@Article{baysal1983,
  author = 	 {E[dip] Baysal and D[an] D[] Kosloff and J[ohn] W[] C[] Sherwood},
  title = 	 {Reverse time migration},
  journal = {Geophysics},
  year = 	 1983,
  volume =	 48,
  pages =	 {1514-1524}
}

@Article{McMechan1983,
  author = 	 {G[] A[]  McMechan},
  title = 	 {Migration by extrapolation of time-dependent boundary values},
  journal = 	 {Geophys. Prosp.},
  year = 	 1983,
  volume =	 31,
  pages =	 {413-420}
}

@Article{kosloff1982,
  author = 	 {D[] Kosloff and E[] Baysal},
  title = 	 {Forward modeling by a {F}ourier method},
  journal = {Geophysics},
  year = 	 1982,
  volume =	 47,
  pages =	 {1402-1412}
}

@inproceedings{soubaras,
  author =	 {R[] Soubaras and Y[] Zhang},
  title = 	 {Two-step explicit marching method for reverse time migration},
  booktitle =    {78th Ann. Internat. Mtg.},
  year = 	 {2008},
  publisher =    {Soc. Expl. Geophys.},
  pages =        {2272-2276}
}

@ARTICLE{pestana,
  author = {R[] C[] Pestana and P[] L[] Stoffa},
  title = {Time evolution of the wave equation using rapid expansion method},
  journal = {Geophysics},
  year = {2010},
  volume = {75},
  number = {4},
  publisher = {SEG},
  pages = {T121-T131}
}

@inproceedings{stoffa,
   author = {P[] L[] Stoffa and R[] C[] Pestana},
   booktitle = {79th Ann. Internat. Mtg},
   publisher = {Soc. of Expl. Geophys.},
   title = {Numerical solution of the acoustic wave equation by the rapid expansion method ({REM}) - A one step time evolution algorithm},
   year = {2009},
   pages = {2672-2676}
}

@inproceedings{liu,
  AUTHOR = {F[] Liu and S[] A[] Morton and S[] Jiang and L[] Ni and J[] P[] Leveille},
  TITLE = {Decoupled wave equations for {P} and {SV} waves in an acoustic {VTI} media},
  booktitle =    {79th Ann. Internat. Mtg.},
  year = 	 {2009},
  publisher =    {Soc. Expl. Geophys.},
  pages =        {2844-2848}
}
@inproceedings{lowrankabs,
  AUTHOR = {S[] Fomel and L[] Ying and X[] Song},
  TITLE = {Seismic wave extrapolation using a lowrank symbol approximation},
  booktitle =    {80th Ann. Internat. Mtg.},
  year = 	 {2010},
  publisher =    {Soc. Expl. Geophys.},
  pages = {3092-3096}
}
@INPROCEEDINGS{du,
  author = {X[] Du and R[] P[] Fletcher and P[] J[] Fowler}, 
  title = {Pure {P}-wave propagators versus pseudo-acoustic propagators for {RTM} in {VTI} meida},
  booktitle = {72nd Annual EAGE Meeting, EAGE, Expanded Abstracts},
  year = {2010},
  pages = {C013}
}

@INPROCEEDINGS{bp2004,
  author = {F[] J[] Billette and S[] Brandsberg-Dahl}, 
  title = {The 2004 BP velocity benchmark},
  booktitle = {67th Annual EAGE Meeting, EAGE, Expanded Abstracts},
  year = {2004},
  pages = {B305}
}

@article{lowrank,
  AUTHOR =       {S[] Fomel and L[] Ying and X[] Song},
  TITLE =        {Seismic wave extrapolation using lowrank symbol approximation},
  JOURNAL =      {Geophysical Prospecting},
  YEAR =         {2013},
  DOI = {10.1111/j.1365-2478.2012.01064.x}
}

@incollection{fowler,
	author=	{P[] J[] Fowler and X[] Du and R[] P[] Fletcher},
	year=	2010,
	title=	{Recursive integral time extrapolation methods 
for scalar waves},
	publisher=	{Soc. of Expl. Geophys.},
	booktitle=	{80th Ann. Internat. Mtg},
        pages = {3210-3215}
	}

@Article{review,
  author = 	 {J[] Virieux and H[] Calandra and R[] Plessix},
  title = 	 {A review of the spectral, pseudo-spectral, finite-difference and finite-element modelling techniques for geophysical imaging},
  journal = 	 {Geophys. Prosp.},
  year = 	 2011,
  volume =	 59,
  pages =	 {794-813}
}

@ARTICLE{chatt2008,
  author = {S[] Chattopadhyay and G[] A[] McMechan},
  title = {Imaging conditions for prestack reverse-time migration},
  journal = {Geophysics},
  year = {2008},
  volume = {73},
  number = {3},
  publisher = {SEG},
  pages = {S81-S89}
}

@ARTICLE{fletcher2009,
  author = {R[] P[] Fletcher and X[] Du and P[] J[] Fowler},
  title = {Reverse time migration in tilted transversely isotropic ({TTI}) media},
  journal = {Geophysics},
  year = {2009},
  volume = {74},
  number = {6},
  publisher = {SEG},
  pages = {WCA179-WCA187}
}

@Article{fomel04,
  author =       {S[] Fomel},
  title =        {On anelliptic approximations for q{P} velocities in {VTI} media},
  journal =      {Geophysical Prospecting},
  year =         2004,
  volume =       52,
  pages =        {247-259}
}

@Article{tariq98,
  author =       {T[] Alkhalifah},
  title =        {Acoustic approximations for processing in transversely isotropic media},
  journal =      {Geophysics},
  year =         1998,
  volume =       63,
  pages =        {623-631}
}

@Article{tariq00,
  author =       {T[] Alkhalifah},
  title =        {An acoustic wave equation for anisotropic media},
  journal =      {Geophysics},
  year =         2000,
  volume =       65,
  pages =        {1239-1250}
}

@ARTICLE{fowlerrtm,
  author = {P[] J[] Fowler and X[] Du and R[] P[] Fletcher},
  title = {Coupled equations for reverse time migration in transversely isotropic media},
  journal = {Geophysics},
  year = {2010},
  volume = {75},
  number = {1},
  publisher = {SEG},
  pages = {S11-S22}
}

@ARTICLE{gxt,
  author = {P[] A[] Farmer and I[] F[] Jones and H[] Zhou and R[] I[] Bloor and M[] C[] Goodwin},
  title = {{Application of Reverse Time Migration to Complex Imaging Problems}},
  journal = {First Break},
  year = {2006},
  volume = {24},
  pages = {65-73},
  publisher = {SEG}
}
@inproceedings{valenciano12,
 author = {A[] A[] Valenciano and N[] Chemingui},
 year = 2012,
 title = {Viscoacoustic imaging: tomographic {Q} estimation and migration compensation},
 publisher = {Soc. of Expl. Geophys.},
 booktitle = {82nd Ann. Internat. Mtg},
 pages = {1-5}
}

@inproceedings{cavalca13,
 author = {M[] Cavalca and R[] Fletcher and M[] Riedel},
 year = 2013,
 title = {Q-compensation in complex media - ray-based and wavefield extrapolation approaches},
 publisher = {Soc. of Expl. Geophys.},
 booktitle = {83rd Ann. Internat. Mtg},
 pages = {3831-3835}
}

@inproceedings{zhang10,
 author = {Y[] Zhang and P[] Zhang and H[] Zhang},
 year = {2010},
 title = {Compensating for viscoacoustic effects in reverse-time migration},
 publisher = {Soc. of Expl. Geophys.},
 booktitle = {80th Ann. Internat. Mtg},
 pages = {3160-3164}
}


@INPROCEEDINGS{dutta13,
  author = {G[] Dutta and K[] Lu and X[] Wang and G[] T[] Schuster},
  year = {2013},
  title = {Attenuation compensation in least-squares reverse time migration using the visco-acoustic wave equation},
  publisher = {Soc. of Expl. Geophys.},
  booktitle = {83th Ann. Internat. Mtg},
  pages = {3721-3725}
}

@ARTICLE{rob94,
  author = {J[] O[] Robertsson and J[] O[] Blanch and W[] W[] Symes},
  title = {Viscoacoustic finite-difference modeling},
  journal = {Geophysics},
  year = {1994},
  volume = {59},
  publisher = {SEG},
  pages = {1444-1456}
}

@ARTICLE{blanch95a,
  author = {J[] O[] Blanch and J[] O[] Robertsson and W[] W[] Symes},
  title = {Modeling of a constant q: methodology and algorithm for an efficient and optimally inexpensive viscoelastic technique},
  journal = {Geophysics},
  year = {1995},
  volume = {60},
  publisher = {SEG},
  pages = {176-184}
}
@inbook{blanch95b,
author = {J[] O[] Blanch and W[] W[] Symes},
title = {Efficient iterative viscoacoustic linearized inversion},
booktitle = {SEG Technical Program Expanded Abstracts},
chapter = {171},
year = {1995},
pages = {627-630},
doi = {10.1190/1.1887406},
URL = {http://library.seg.org/doi/abs/10.1190/1.1887406},
eprint = {http://library.seg.org/doi/pdf/10.1190/1.1887406}
}
@article {larmat06,
author = {C[] Larmat and J[] P[] Montagner and M[] Fink and Y[] Capdeville and A[] Tourin and E[] Clévédé},
title = {Time-reversal imaging of seismic sources and application to the great Sumatra earthquake},
journal = {Geophysical Research Letters},
volume = {33},
number = {19},
issn = {1944-8007},
url = {http://dx.doi.org/10.1029/2006GL026336},
doi = {10.1029/2006GL026336},
pages = {n/a--n/a},
year = {2006}
}

@article {steiner08,
author = {B[] Steiner and E[] H[] Saenger and S[] M[] Stefan},
title = {Time reverse modeling of low-frequency microtremors: Application to hydrocarbon reservoir localization},
journal = {Geophysical Research Letters},
volume = {35},
number = {3},
issn = {1944-8007},
url = {http://dx.doi.org/10.1029/2007GL032097},
doi = {10.1029/2007GL032097},
pages = {n/a--n/a},
keywords = {time reverse modeling, microtremors, hydrocarbon reservoir},
year = {2008}
}

@article{norville07,
   author = {P[] D[] Norville and S[] R[] Waymond},
   title = {Time-reversal focusing of elastic surface waves with an asymmetric surface layer},
   journal = {The Journal of the Acoustical Society of America},
   year = {2007},
   volume = {122},
   number = {4}, 
   pages = {EL95-EL100}

}

@Article{kremers11,
AUTHOR = {S[] Kremers and A[] Fichtner and G[] B[] Brietzke and H[] Igel and C[] Larmat and L[] Huang and M[] K\"aser},
TITLE = {Exploring the potentials and limitations of the time-reversal imaging of finite seismic sources},
JOURNAL = {Solid Earth},
VOLUME = {2},
YEAR = {2011},
NUMBER = {1},
PAGES = {95--105}
}

@article {huMcMechan88,
author = {L[] Hu and G[] A[] McMechan},
title = {Elastic finite-difference modelling and imaging for earthquake sources},
journal = {Geophysical Journal},
volume = {95},
number = {2},
publisher = {Blackwell Publishing Ltd},
issn = {1365-246X},
url = {http://dx.doi.org/10.1111/j.1365-246X.1988.tb00469.x},
doi = {10.1111/j.1365-246X.1988.tb00469.x},
pages = {303--313},
keywords = {earthquake source mechanisms, synthetic seismograms},
year = {1988}
}

@article{saenger11,
author = {E[] H[] Saenger},
title = {Time reverse characterization of sources in heterogeneous media},
journal = {Independent Nondestructive Testing and Evaluation International},
volume = {44},
pages = {751 - 759},
year = {2011},
issn = {0963-8695}
}

@article{snieder07,
   author = {R[] Snieder},
   title = {Extracting the Green’s function of attenuating heterogeneous acoustic media from uncorrelated waves},
   journal = {The Journal of the Acoustical Society of America},
   year = {2007},
   volume = {121},
   number = {5}, 
   pages = {2637-2643}
}


@article{tarantola88,
author={A[] Tarantola},
year={1988},
issn={0033-4553},
journal={pure and applied geophysics},
volume={128},
number={1-2},
doi={10.1007/BF01772605},
title={Theoretical background for the inversion of seismic waveforms including elasticity and attenuation},
url={http://dx.doi.org/10.1007/BF01772605},
publisher={Birkhäuser-Verlag},
pages={365-399}
}


@article{wang2002,
	Author = {Wang, Y.},
	Doi = {10.1190/1.1468627},
	Eprint = {http://dx.doi.org/10.1190/1.1468627},
	Journal = {Geophysics},
	Number = {2},
	Pages = {657-663},
	Title = {A stable and efficient approach of inverse Q filtering},
	Url = {http://dx.doi.org/10.1190/1.1468627},
	Volume = {67},
	Year = {2002},
	Bdsk-Url-1 = {http://dx.doi.org/10.1190/1.1468627}}

@article{Mittet1995,
author = {Mittet, Rune and Sollie, Roger and Hokstad, Ketil}, 
title = {Prestack depth migration with compensation for absorption and dispersion},
volume = {60}, 
number = {5}, 
pages = {1485-1494}, 
year = {1995}, 
doi = {10.1190/1.1443882}, 
URL = {http://geophysics.geoscienceworld.org/content/60/5/1485.abstract}, 
eprint = {http://geophysics.geoscienceworld.org/content/60/5/1485.full.pdf+html}, 
journal = {Geophysics} 
}

@article{Mittet2007,
author = {Mittet, Rune}, 
title = {A simple design procedure for depth extrapolation operators that compensate for absorption and dispersion},
volume = {72}, 
number = {2}, 
pages = {S105-S112}, 
year = {2007}, 
doi = {10.1190/1.2431637}, 
URL = {http://geophysics.geoscienceworld.org/content/72/2/S105.abstract}, 
eprint = {http://geophysics.geoscienceworld.org/content/72/2/S105.full.pdf+html}, 
journal = {Geophysics} 
}


@article{Zhang2002,
	Author = {Zhang, Jianfeng and Wapenaar, Kees},
	Doi = {10.1046/j.1365-2478.2002.00342.x},
	Issn = {1365-2478},
	Journal = {Geophysical Prospecting},
	Number = {6},
	Pages = {629--643},
	Publisher = {Blackwell Science Ltd},
	Title = {Wavefield extrapolation and prestack depth migration in anelastic inhomogeneous media},
	Url = {http://dx.doi.org/10.1046/j.1365-2478.2002.00342.x},
	Volume = {50},
	Year = {2002},
}

@inproceedings{Fletcher2012,
  AUTHOR = {Fletcher,Robin and Nichols, Dave and Cavalca, Mer},
  TITLE = {Wavepath-consistent Effective Q Estimation for Q-compensated Reverse-time Migration},
  booktitle =    {74th EAGE Conference and Exhibition incorporating},
  year = 	 {2012},
  publisher =    {EAGE},
  doi = {http://dx.doi.org/10.3997/2214-4609.20148360}
}
