@ARTICLE{zhang09,
  author = {Y[] Zhang and G[] Zhang},
  title = {One-step extrapolation method for reverse time migration},
  journal = {Geophysics},
  year = {2009},
  volume = {74},
  number = {4},
  publisher = {SEG},
  pages = {A29-A33}
}

@ARTICLE{gazdag84,
  author = {J[] Gazdag and P[] Squazzero},
  title = {Migration of seismic data by phase shift plus interpolation},
  journal = {Geophysics},
  year = {1984},
  volume = {49},
  publisher = {SEG},
  pages = {124-131}
}

@ARTICLE{song13,
  author = {X[] Song and S[] Fomel and L[] Ying},
  title = {Lowrank finite-differences and lowrank {F}ourier finite-differences for seismic wave extrapolation},
  journal = {Geophysical Journal International},
  year = {2013},
  doi = {10.1093/gji/ggt017}
}

@Article{cerjan,
  author = 	 {C[] Cerjan and D[] Kosloff and R[] Kosloff and M[] Reshef},
  title = 	 {A Nonreflecting boundary condition for discrete acoustic and elastic wave equations},
  journal = {Geophysics},
  year = 	 1985,
  volume =	 50,
  pages =	 {705-708}
}

@Article{reshef,
  author = 	 {M[] Reshef and D[] Kosloff and M[] Edwards and C[] Hsiung},
  title = 	 {Three-dimensional acoustic modeling by the {F}ourier method},
  journal = {Geophysics},
  year = 	 1988,
  volume =	 53,
  pages =	 {1175-1183}
}

@incollection{etgen,
	author=	{J[] Etgen and S[] Brandsberg-Dahl},
	year=	2009,
	title=	{The pseudo-analytical method: application of {pseudo-Laplacians} to acoustic and acoustic anisotropic wave propagation},
	publisher=	{Soc. of Expl. Geophys.},
	booktitle=	{79th Ann. Internat. Mtg},
        pages = {2552-2556}
	}

@incollection{chunlei,
	author=	{C[] Chu and P[] Stoffa},
	year=	2008,
	title=	{A pseudospectral-finite difference hybrid approach for large-scale seismic modeling and {RTM} on parallel computers},
	publisher=	{Soc. of Expl. Geophys.},
	booktitle=	{78th Ann. Internat. Mtg},
        pages = {2087-2091}
	}

@inproceedings{chu10,
  author =	 {C[] Chu and P[] L[] Stoffa},
  title = 	 {Acoustic anisotropic wave modeling using normalized pseudo-{L}aplacian},
  booktitle =    {80th Ann. Internat. Mtg.},
  year = 	 {2010},
  publisher =    {Soc. Expl. Geophys.},
  pages =        {2972-2976}
}

@incollection{wards,
	author=	{B[en] D[] Wards and G[ary] F[] Margrave and M[ichael] P[] Lamoureux},
	year=	2008,
	title=	{Phase-shift time-stepping for reverse-time migration},
	publisher=	{Soc. of Expl. Geophys.},
	booktitle=	{78th Ann. Internat. Mtg},
        pages = {2262-2266}
	}

@inproceedings{zhang07,
  author =	 {Y[] Zhang and G[] Zhang and D[] Yingst and J[] Sun},
  title = 	 {Explicit marching method for reverse-time migration},
  booktitle =    {77th Ann. Internat. Mtg.},
  year = 	 {2007},
  publisher =    {Soc. Expl. Geophys.},
  pages =        {2300-2303}
}

@inproceedings{whitmore,
  AUTHOR = {N[] D[] Whitmore},
  TITLE = {Iterative depth migration by backward time propagation},
  booktitle =    {53rd Ann. Internat. Mtg.},
  year = 	 {1983},
  publisher =    {Soc. Expl. Geophys.},
  pages =        {382-385}
}


@Article{baysal,
  author = 	 {E[dip] Baysal and D[an] D[] Kosloff and J[ohn] W[] C[] Sherwood},
  title = 	 {Reverse time migration},
  journal = {Geophysics},
  year = 	 1983,
  volume =	 48,
  pages =	 {1514-1524}
}

@Article{McMechan,
  author = 	 {G[] A[]  McMechan},
  title = 	 {Migration by extrapolation of time-dependent boundary values},
  journal = 	 {Geophys. Prosp.},
  year = 	 1983,
  volume =	 31,
  pages =	 {413-420}
}

@Article{kosloff,
  author = 	 {D[] Kosloff and E[] Baysal},
  title = 	 {Forward modeling by a {F}ourier method},
  journal = {Geophysics},
  year = 	 1982,
  volume =	 47,
  pages =	 {1402-1412}
}

@inproceedings{soubaras,
  author =	 {R[] Soubaras and Y[] Zhang},
  title = 	 {Two-step explicit marching method for reverse time migration},
  booktitle =    {78th Ann. Internat. Mtg.},
  year = 	 {2008},
  publisher =    {Soc. Expl. Geophys.},
  pages =        {2272-2276}
}

@ARTICLE{pestana,
  author = {R[] C[] Pestana and P[] L[] Stoffa},
  title = {Time evolution of the wave equation using rapid expansion method},
  journal = {Geophysics},
  year = {2010},
  volume = {75},
  number = {4},
  publisher = {SEG},
  pages = {T121-T131}
}

@ARTICLE{margrave98,
  author = {G[ary] F[] Margrave},
  title = {Theory of nonstationary linear filtering in the Fourier domain with application to time-variant filtering},
  journal = {Geophysics},
  year = {1998},
  volume = {63},
  number = {1},
  publisher = {SEG},
  pages = {244-259}
}

@ARTICLE{margraveandferguson,
  author = {G[ary] F[] Margrave and R[obert] J Ferguson},
  title = {Wavefield extrapolation by nonstationary phase shift},
  journal = {Geophysics},
  year = {1999},
  volume = {64},
  number = {4},
  publisher = {SEG},
  pages = {1067-1078}
}

@ARTICLE{ferguson02,
  author = {R[obert] J Ferguson and G[ary] F[] Margrave},
  title = {Prestack depth migration by symmetric nonstationary phase shift},
  journal = {Geophysics},
  year = {2002},
  volume = {67},
  number = {2},
  publisher = {SEG},
  pages = {594-603},
  doi = {10.1190/1.1468620}
}

@inproceedings{stoffa,
   author = {P[] L[] Stoffa and R[] C[] Pestana},
   booktitle = {79th Ann. Internat. Mtg},
   publisher = {Soc. of Expl. Geophys.},
   title = {Numerical solution of the acoustic wave equation by the rapid expansion method ({REM}) - A one step time evolution algorithm},
   year = {2009},
   pages = {2672-2676}
}

@inproceedings{liu,
  AUTHOR = {F[] Liu and S[] A[] Morton and S[] Jiang and L[] Ni and J[] P[] Leveille},
  TITLE = {Decoupled wave equations for {P} and {SV} waves in an acoustic {VTI} media},
  booktitle =    {79th Ann. Internat. Mtg.},
  year = 	 {2009},
  publisher =    {Soc. Expl. Geophys.},
  pages =        {2844-2848}
}
@inproceedings{lowrankabs,
  AUTHOR = {S[] Fomel and L[] Ying and X[] Song},
  TITLE = {Seismic wave extrapolation using a lowrank symbol approximation},
  booktitle =    {80th Ann. Internat. Mtg.},
  year = 	 {2010},
  publisher =    {Soc. Expl. Geophys.},
  pages = {3092-3096}
}
@inproceedings{myself1,
  AUTHOR = {J[unzhe] Sun and S[ergey] Fomel},
  TITLE = {Lowrank one-step wave extrapolation},
  booktitle =    {83th Ann. Internat. Mtg.},
  year = 	 {2013},
  publisher =    {Soc. Expl. Geophys.},
  pages = {3905-3910},
  doi = {http://dx.doi.org/10.1190/segam2013-1123.1}
}
@INPROCEEDINGS{du,
  author = {X[] Du and R[] P[] Fletcher and P[] J[] Fowler}, 
  title = {Pure {P}-wave propagators versus pseudo-acoustic propagators for {RTM} in {VTI} media},
  booktitle = {72nd Annual EAGE Meeting, EAGE, Expanded Abstracts},
  year = {2010},
  pages = {Accepted}
}


@INPROCEEDINGS{kaelin06,
  author = {B[] Kaelin and A[] Guitton}, 
  title = {Imaging condition for reverse time migration},
  booktitle =    {76th Ann. Internat. Mtg.},
  year = 	 {2006},
  publisher =    {Soc. Expl. Geophys.},
  pages = {2594-2598}
}

@article{lowrank,
  AUTHOR =       {S[] Fomel and L[] Ying and X[] Song},
  TITLE =        {Seismic wave extrapolation using lowrank symbol approximation},
  JOURNAL =      {Geophys. Prosp.},
  YEAR =         {2013},
  volume = {67},
  number = {2},
  publisher = {EAGE},
  pages = {526-536},
  DOI = {10.1111/j.1365-2478.2012.01064.x}
}

@incollection{fowler,
	author=	{P[] J[] Fowler and X[] Du and R[] P[] Fletcher},
	year=	2010,
	title=	{Recursive integral time extrapolation methods 
for scalar waves},
	publisher=	{Soc. of Expl. Geophys.},
	booktitle=	{80th Ann. Internat. Mtg},
        pages = {3210-3215}
	}



@Article{review,
  author = 	 {J[] Virieux and H[] Calandra and R[] Plessix},
  title = 	 {A review of the spectral, pseudo-spectral, finite-difference and finite-element modelling techniques for geophysical imaging},
  journal = 	 {Geophys. Prosp.},
  year = 	 2011,
  volume =	 59,
  pages =	 {794-813}
}

@ARTICLE{chatt,
  author = {S[] Chattopadhyay and G[] A[] McMechan},
  title = {Imaging conditions for prestack reverse-time migration},
  journal = {Geophysics},
  year = {2008},
  volume = {73},
  number = {3},
  publisher = {SEG},
  pages = {S81-S89}
}

@ARTICLE{rite,
  author = {X[] Du and P[] J[] Fowler and R[] P[] Fletcher},
  title = {Recursive integral time-extrapolation methods for waves: {A} comparative review},
  journal = {Geophysics},
  year = {2014},
  volume = {79},
  number = {1},
  publisher = {SEG},
  pages = {T9-T26}
}

@ARTICLE{fletcher,
  author = {R[] P[] Fletcher and X[] Du and P[] J[] Fowler},
  title = {Reverse time migration in tilted transversely isotropic ({TTI}) media},
  journal = {Geophysics},
  year = {2009},
  volume = {74},
  number = {6},
  publisher = {SEG},
  pages = {WCA179-WCA187}
}

@Article{fomel04,
  author =       {S[] Fomel},
  title =        {On anelliptic approximations for q{P} velocities in {VTI} media},
  journal =      {Geophysical Prospecting},
  year =         2004,
  volume =       52,
  pages =        {247-259}
}

@Article{tariq98,
  author =       {T[] Alkhalifah},
  title =        {Acoustic approximations for processing in transversely isotropic media},
  journal =      {Geophysics},
  year =         1998,
  volume =       63,
  pages =        {623-631}
}

@Article{tariq00,
  author =       {T[] Alkhalifah},
  title =        {An acoustic wave equation for anisotropic media},
  journal =      {Geophysics},
  year =         2000,
  volume =       65,
  pages =        {1239-1250}
}

@ARTICLE{fowlerrtm,
  author = {P[] J[] Fowler and X[] Du and R[] P[] Fletcher},
  title = {Coupled equations for reverse time migration in transversely isotropic media},
  journal = {Geophysics},
  year = {2010},
  volume = {75},
  number = {1},
  publisher = {SEG},
  pages = {S11-S22}
}

@ARTICLE{gxt,
  author = {P[] A[] Farmer and I[] F[] Jones and H[] Zhou and R[] I[] Bloor and M[] C[] Goodwin},
  title = {Application of Reverse Time Migration to Complex Imaging Problems},
  journal = {First Break},
  year = {2006},
  volume = {24},
  pages = {65-73},
  publisher = {SEG}
}

@ARTICLE{nemeth99,
  author = {T[] Nemeth and C[] Wu and G[] Schuster},
  title = {Least-squares migration of incomplete reflection data},
  journal = {Geophysics},
  year = {1999},
  volume = {64},
  publisher = {SEG},
  pages = {208-221}
}
                  
@BOOK{claerbout1,
  title = {Imaging the {E}arth's interior},
  publisher = {Blackwell Scientific Publications},
  year = {1985},
  author = {J[] F[] Claerbout}
}

@ARTICLE{tang09,
  author = {Y[] Tang},
  title = {Target-oriented wave-equation least-squares migration/inversion with phase-encoded {H}essian},
  journal = {Geophysics},
  year = {2009},
  volume = {74},
  number = {6},
  publisher = {SEG},
  pages = {WCA95-WCA107}
}

@ARTICLE{dai11,
  author = {W[] Dai and X[] Wang and G[] T[] Schuster},
  title = {Least-squares migration of multisource data with a deblurring filter},
  journal = {Geophysics},
  year = {2011},
  volume = {76},
    number = {5},
  publisher = {SEG},
  pages = {135-146}
}

@inproceedings{kessinger,
  AUTHOR = {W[alter] Kesinger},
  TITLE = {Extended {S}plit-step {F}ourier {M}igration},
  booktitle =    {62th Ann. Internat. Mtg.},
  year =         {1992},
  publisher =    {Soc. Expl. Geophys.},
  pages = {917-920}
}

@ARTICLE{ronen2000,
  author = {S[] Ronen and C[] L[] Liner},
  title = {Least-squares {DMO} and migration},
  journal = {Geophysics},
  year = {2000},
  volume = {65},
  number = {5},
  publisher = {SEG},
  pages = {1364-1371}
}


@ARTICLE{marmousi,
  author = {R[] Versteeg},
  title = {The {Marmousi} experience: {Velocity} model determination on a synthetic complex data set.},
  journal = {The Leading Edge},
  year = {1994},
  volume = {13},
  number = {9},
  publisher = {EAGE},
  pages = {927-936}
}

@inproceedings{zhang13ls,
	author={Y[u] Zhang and L[] Duan and Y[] Xie},
	title={A stable and practical implementation of least-squares reverse time migration},
	booktitle={83th Annual International Meeting, SEG, Expanded Abstracts},
	year=2013,
	pages={3716-3720}
}

@inproceedings{yujin,
	author={Y[] Liu and W[illiam] W[] Symes and Z[] Li},
	title={Multisource least-squares extended reverse-time migration with preconditioning guided gradient method},
	booktitle={83th Annual International Meeting, SEG, Expanded Abstracts},
	year=2013,
	pages={3709-3715}
}

@inproceedings{zhig14,
	author={Z[] Xue and Y[] Chen and S[] Fomel and J[] Sun},
	title={Imaging incomplete data and simultaneous-source data using least-squares reverse-time migration with shaping regularization},
	booktitle={84th Annual International Meeting, SEG, Expanded Abstracts},
	year=2014,
	pages={submitted}
}

@inproceedings{me14b,
	author={J[] Sun and T[] Zhu and S[] Fomel},
	title={Viscoacoustic modeling and imaging using low-rank approximation},
	booktitle={84th Annual International Meeting, SEG, Expanded Abstracts},
	year=2014,
	pages={submitted}
}

@ARTICLE{zhu13a,
  author = {T[] Zhu and J[] M[] Carcione and J[] M[] Harris},
  title = {Approximating constant-{Q} seismic propagation in the time domain},
  journal = {Geophysical Prospecting},
  year = {2013},
  volume = {61},
  pages = {931-940},
  doi = {10.1111/1365-2478.12044}
}

@ARTICLE{zhu14a,
  author = {T[] Zhu and J[] M[] Harris},
  title = {Modeling acoustic wave propagation in heterogeneous attenuating media using decoupled fractional {L}aplacians},
  journal = {Geophysics},
  year = {2014},
  volume = {79},
  number = {3},
  pages = {T105-T116},
  doi = {10.1190/GEO2013-0245.1}
}

@ARTICLE{zhu14b,
  author = {T[] Zhu and J[] M[] Harris and B[] Biondi},
  title = {Q-compensated reverse-time migration},
  journal = {Geophysics},
  year = {2014},
  volume = {79},
  number = {3},
  pages = {S77-S87},
  doi = {10.1190/geo2013-0344.1}
}

@article{paffenholz02,
    author = {Josef Paffenholz and Bill McLain and Joerg Zaske and P. Joseph Keliher},
    title = {Subsalt multiple attenuation and imaging: Observations from the {S}igsbee2{B} synthetic dataset},
    chapter = {538},
    pages = {2122-2125},
    journal = {SEG Technical Program Expanded Abstracts},
    year={2002}
}